[gd_scene load_steps=40 format=2]

[ext_resource path="res://Assets/48x48/Character_2_48x48_RPGMAKER.png" type="Texture" id=1]
[ext_resource path="res://Scripts/Player.gd" type="Script" id=2]
[ext_resource path="res://Assets/Lights/light.png" type="Texture" id=3]

[sub_resource type="AtlasTexture" id=1]
flags = 4
atlas = ExtResource( 1 )
region = Rect2( 0, 0, 48, 96 )

[sub_resource type="AtlasTexture" id=2]
flags = 4
atlas = ExtResource( 1 )
region = Rect2( 96, 0, 48, 96 )

[sub_resource type="AtlasTexture" id=3]
flags = 4
atlas = ExtResource( 1 )
region = Rect2( 48, 0, 48, 96 )

[sub_resource type="AtlasTexture" id=4]
flags = 4
atlas = ExtResource( 1 )
region = Rect2( 0, 192, 48, 96 )

[sub_resource type="AtlasTexture" id=5]
flags = 4
atlas = ExtResource( 1 )
region = Rect2( 96, 192, 48, 96 )

[sub_resource type="AtlasTexture" id=6]
flags = 4
atlas = ExtResource( 1 )
region = Rect2( 48, 192, 48, 96 )

[sub_resource type="AtlasTexture" id=7]
flags = 4
atlas = ExtResource( 1 )
region = Rect2( 0, 96, 48, 96 )

[sub_resource type="AtlasTexture" id=8]
flags = 4
atlas = ExtResource( 1 )
region = Rect2( 96, 96, 48, 96 )

[sub_resource type="AtlasTexture" id=9]
flags = 4
atlas = ExtResource( 1 )
region = Rect2( 48, 96, 48, 96 )

[sub_resource type="AtlasTexture" id=10]
flags = 4
atlas = ExtResource( 1 )
region = Rect2( 0, 288, 48, 96 )

[sub_resource type="AtlasTexture" id=11]
flags = 4
atlas = ExtResource( 1 )
region = Rect2( 96, 288, 48, 96 )

[sub_resource type="AtlasTexture" id=12]
flags = 4
atlas = ExtResource( 1 )
region = Rect2( 48, 288, 48, 96 )

[sub_resource type="SpriteFrames" id=13]
animations = [ {
"frames": [ SubResource( 1 ), SubResource( 2 ), SubResource( 3 ) ],
"loop": true,
"name": "walk_down",
"speed": 3.0
}, {
"frames": [ SubResource( 4 ), SubResource( 5 ), SubResource( 6 ) ],
"loop": true,
"name": "walk_right",
"speed": 3.0
}, {
"frames": [ SubResource( 7 ), SubResource( 8 ), SubResource( 9 ) ],
"loop": true,
"name": "walk_left",
"speed": 3.0
}, {
"frames": [ SubResource( 10 ), SubResource( 11 ), SubResource( 12 ) ],
"loop": true,
"name": "walk_up",
"speed": 3.0
} ]

[sub_resource type="Animation" id=14]
resource_name = "idle_down"
length = 0.1
loop = true
tracks/0/type = "value"
tracks/0/path = NodePath(".:animation")
tracks/0/interp = 1
tracks/0/loop_wrap = true
tracks/0/imported = false
tracks/0/enabled = true
tracks/0/keys = {
"times": PoolRealArray( 0 ),
"transitions": PoolRealArray( 1 ),
"update": 1,
"values": [ "walk_down" ]
}
tracks/1/type = "value"
tracks/1/path = NodePath(".:frame")
tracks/1/interp = 1
tracks/1/loop_wrap = true
tracks/1/imported = false
tracks/1/enabled = true
tracks/1/keys = {
"times": PoolRealArray( 0 ),
"transitions": PoolRealArray( 1 ),
"update": 1,
"values": [ 2 ]
}

[sub_resource type="Animation" id=15]
resource_name = "idle_left"
length = 0.1
loop = true
tracks/0/type = "value"
tracks/0/path = NodePath(".:animation")
tracks/0/interp = 1
tracks/0/loop_wrap = true
tracks/0/imported = false
tracks/0/enabled = true
tracks/0/keys = {
"times": PoolRealArray( 0 ),
"transitions": PoolRealArray( 1 ),
"update": 1,
"values": [ "walk_left" ]
}
tracks/1/type = "value"
tracks/1/path = NodePath(".:frame")
tracks/1/interp = 1
tracks/1/loop_wrap = true
tracks/1/imported = false
tracks/1/enabled = true
tracks/1/keys = {
"times": PoolRealArray( 0 ),
"transitions": PoolRealArray( 1 ),
"update": 1,
"values": [ 2 ]
}

[sub_resource type="Animation" id=16]
resource_name = "idle_right"
length = 0.1
loop = true
tracks/0/type = "value"
tracks/0/path = NodePath(".:animation")
tracks/0/interp = 1
tracks/0/loop_wrap = true
tracks/0/imported = false
tracks/0/enabled = true
tracks/0/keys = {
"times": PoolRealArray( 0 ),
"transitions": PoolRealArray( 1 ),
"update": 1,
"values": [ "walk_right" ]
}
tracks/1/type = "value"
tracks/1/path = NodePath(".:frame")
tracks/1/interp = 1
tracks/1/loop_wrap = true
tracks/1/imported = false
tracks/1/enabled = true
tracks/1/keys = {
"times": PoolRealArray( 0 ),
"transitions": PoolRealArray( 1 ),
"update": 1,
"values": [ 2 ]
}

[sub_resource type="Animation" id=17]
resource_name = "idle_up"
length = 0.1
loop = true
tracks/0/type = "value"
tracks/0/path = NodePath(".:animation")
tracks/0/interp = 1
tracks/0/loop_wrap = true
tracks/0/imported = false
tracks/0/enabled = true
tracks/0/keys = {
"times": PoolRealArray( 0 ),
"transitions": PoolRealArray( 1 ),
"update": 1,
"values": [ "walk_up" ]
}
tracks/1/type = "value"
tracks/1/path = NodePath(".:frame")
tracks/1/interp = 1
tracks/1/loop_wrap = true
tracks/1/imported = false
tracks/1/enabled = true
tracks/1/keys = {
"times": PoolRealArray( 0 ),
"transitions": PoolRealArray( 1 ),
"update": 1,
"values": [ 2 ]
}

[sub_resource type="Animation" id=18]
resource_name = "walk_down"
length = 0.3
loop = true
tracks/0/type = "value"
tracks/0/path = NodePath(".:animation")
tracks/0/interp = 1
tracks/0/loop_wrap = true
tracks/0/imported = false
tracks/0/enabled = true
tracks/0/keys = {
"times": PoolRealArray( 0 ),
"transitions": PoolRealArray( 1 ),
"update": 1,
"values": [ "walk_down" ]
}
tracks/1/type = "value"
tracks/1/path = NodePath(".:frame")
tracks/1/interp = 1
tracks/1/loop_wrap = true
tracks/1/imported = false
tracks/1/enabled = true
tracks/1/keys = {
"times": PoolRealArray( 0, 0.1, 0.2 ),
"transitions": PoolRealArray( 1, 1, 1 ),
"update": 1,
"values": [ 0, 1, 2 ]
}

[sub_resource type="Animation" id=19]
resource_name = "walk_left"
length = 0.3
loop = true
tracks/0/type = "value"
tracks/0/path = NodePath(".:animation")
tracks/0/interp = 1
tracks/0/loop_wrap = true
tracks/0/imported = false
tracks/0/enabled = true
tracks/0/keys = {
"times": PoolRealArray( 0 ),
"transitions": PoolRealArray( 1 ),
"update": 1,
"values": [ "walk_left" ]
}
tracks/1/type = "value"
tracks/1/path = NodePath(".:frame")
tracks/1/interp = 1
tracks/1/loop_wrap = true
tracks/1/imported = false
tracks/1/enabled = true
tracks/1/keys = {
"times": PoolRealArray( 0, 0.1, 0.2 ),
"transitions": PoolRealArray( 1, 1, 1 ),
"update": 1,
"values": [ 0, 1, 2 ]
}

[sub_resource type="Animation" id=20]
resource_name = "walk_right"
length = 0.3
loop = true
tracks/0/type = "value"
tracks/0/path = NodePath(".:animation")
tracks/0/interp = 1
tracks/0/loop_wrap = true
tracks/0/imported = false
tracks/0/enabled = true
tracks/0/keys = {
"times": PoolRealArray( 0 ),
"transitions": PoolRealArray( 1 ),
"update": 1,
"values": [ "walk_right" ]
}
tracks/1/type = "value"
tracks/1/path = NodePath(".:frame")
tracks/1/interp = 1
tracks/1/loop_wrap = true
tracks/1/imported = false
tracks/1/enabled = true
tracks/1/keys = {
"times": PoolRealArray( 0, 0.1, 0.2 ),
"transitions": PoolRealArray( 1, 1, 1 ),
"update": 1,
"values": [ 0, 1, 2 ]
}

[sub_resource type="Animation" id=21]
resource_name = "walk_up"
length = 0.3
loop = true
tracks/0/type = "value"
tracks/0/path = NodePath(".:animation")
tracks/0/interp = 1
tracks/0/loop_wrap = true
tracks/0/imported = false
tracks/0/enabled = true
tracks/0/keys = {
"times": PoolRealArray( 0 ),
"transitions": PoolRealArray( 1 ),
"update": 1,
"values": [ "walk_up" ]
}
tracks/1/type = "value"
tracks/1/path = NodePath(".:frame")
tracks/1/interp = 1
tracks/1/loop_wrap = true
tracks/1/imported = false
tracks/1/enabled = true
tracks/1/keys = {
"times": PoolRealArray( 0, 0.1, 0.2 ),
"transitions": PoolRealArray( 1, 1, 1 ),
"update": 1,
"values": [ 0, 1, 2 ]
}

[sub_resource type="CapsuleShape2D" id=22]
radius = 4.88757
height = 27.9588

[sub_resource type="AnimationNodeAnimation" id=23]
animation = "idle_left"

[sub_resource type="AnimationNodeAnimation" id=24]
animation = "idle_down"

[sub_resource type="AnimationNodeAnimation" id=25]
animation = "idle_right"

[sub_resource type="AnimationNodeAnimation" id=26]
animation = "idle_up"

[sub_resource type="AnimationNodeBlendSpace2D" id=27]
blend_point_0/node = SubResource( 23 )
blend_point_0/pos = Vector2( -1, 0 )
blend_point_1/node = SubResource( 24 )
blend_point_1/pos = Vector2( 0, 1.1 )
blend_point_2/node = SubResource( 25 )
blend_point_2/pos = Vector2( 1, 0 )
blend_point_3/node = SubResource( 26 )
blend_point_3/pos = Vector2( 0, -1.1 )
min_space = Vector2( -1, -1.1 )
max_space = Vector2( 1, 1.1 )
blend_mode = 1

[sub_resource type="AnimationNodeAnimation" id=28]
animation = "walk_left"

[sub_resource type="AnimationNodeAnimation" id=29]
animation = "walk_down"

[sub_resource type="AnimationNodeAnimation" id=30]
animation = "walk_right"

[sub_resource type="AnimationNodeAnimation" id=31]
animation = "walk_up"

[sub_resource type="AnimationNodeBlendSpace2D" id=32]
blend_point_0/node = SubResource( 28 )
blend_point_0/pos = Vector2( -1, 0 )
blend_point_1/node = SubResource( 29 )
blend_point_1/pos = Vector2( 0, 1.1 )
blend_point_2/node = SubResource( 30 )
blend_point_2/pos = Vector2( 1, 0 )
blend_point_3/node = SubResource( 31 )
blend_point_3/pos = Vector2( 0, -1.1 )
min_space = Vector2( -1, -1.1 )
max_space = Vector2( 1, 1.1 )
blend_mode = 1

[sub_resource type="AnimationNodeStateMachineTransition" id=33]

[sub_resource type="AnimationNodeStateMachineTransition" id=34]

[sub_resource type="AnimationNodeStateMachine" id=35]
states/Idle/node = SubResource( 27 )
states/Idle/position = Vector2( 303, 142 )
states/Walk/node = SubResource( 32 )
states/Walk/position = Vector2( 509, 142 )
transitions = [ "Idle", "Walk", SubResource( 33 ), "Walk", "Idle", SubResource( 34 ) ]
start_node = "Idle"

[sub_resource type="AnimationNodeStateMachinePlayback" id=36]

[node name="Player" type="KinematicBody2D"]
script = ExtResource( 2 )

[node name="AnimatedSprite" type="AnimatedSprite" parent="."]
position = Vector2( 1, 0 )
frames = SubResource( 13 )
animation = "walk_left"
frame = 2

[node name="AnimationPlayer" type="AnimationPlayer" parent="AnimatedSprite"]
anims/idle_down = SubResource( 14 )
anims/idle_left = SubResource( 15 )
anims/idle_right = SubResource( 16 )
anims/idle_up = SubResource( 17 )
anims/walk_down = SubResource( 18 )
anims/walk_left = SubResource( 19 )
anims/walk_right = SubResource( 20 )
anims/walk_up = SubResource( 21 )

[node name="CollisionShape2D" type="CollisionShape2D" parent="."]
position = Vector2( -0.264305, 43.0269 )
rotation = 1.5708
shape = SubResource( 22 )

[node name="AnimationTree" type="AnimationTree" parent="."]
tree_root = SubResource( 35 )
anim_player = NodePath("../AnimatedSprite/AnimationPlayer")
active = true
parameters/playback = SubResource( 36 )
parameters/Idle/blend_position = Vector2( 0, 0 )
parameters/Walk/blend_position = Vector2( 0, 0 )

[node name="Light2D" type="Light2D" parent="."]
position = Vector2( -1, 17 )
texture = ExtResource( 3 )
shadow_enabled = true
