[gd_scene load_steps=10 format=2]

[ext_resource path="res://Assets/Backgrounds/TopOfTableWithPics.png" type="Texture" id=1]
[ext_resource path="res://Assets/Puzzle/Block.png" type="Texture" id=2]
[ext_resource path="res://Assets/Puzzle/Pic1.jpg" type="Texture" id=3]
[ext_resource path="res://Scripts/Answer1.gd" type="Script" id=4]
[ext_resource path="res://Scripts/Block1.gd" type="Script" id=5]
[ext_resource path="res://Assets/Puzzle/Pic3.jpg" type="Texture" id=6]
[ext_resource path="res://Assets/Puzzle/Pic2.jpg" type="Texture" id=7]

[sub_resource type="RectangleShape2D" id=1]
extents = Vector2( 93.6552, 112.298 )

[sub_resource type="RectangleShape2D" id=2]
extents = Vector2( 93.4095, 112.145 )

[node name="Puzzle1" type="Node2D"]

[node name="Background" type="Sprite" parent="."]
texture = ExtResource( 1 )
offset = Vector2( 512, 300 )

[node name="Block1" type="Area2D" parent="."]
position = Vector2( 242.582, 211.45 )
script = ExtResource( 5 )
__meta__ = {
"_edit_group_": true
}

[node name="Sprite" type="Sprite" parent="Block1"]
texture = ExtResource( 2 )

[node name="CollisionShape2D" type="CollisionShape2D" parent="Block1"]
shape = SubResource( 1 )

[node name="Block2" type="Area2D" parent="."]
position = Vector2( 512.532, 211.261 )
script = ExtResource( 5 )
__meta__ = {
"_edit_group_": true
}
id = 2

[node name="Sprite" type="Sprite" parent="Block2"]
texture = ExtResource( 2 )

[node name="CollisionShape2D" type="CollisionShape2D" parent="Block2"]
shape = SubResource( 1 )

[node name="Block3" type="Area2D" parent="."]
position = Vector2( 782.482, 211.261 )
script = ExtResource( 5 )
__meta__ = {
"_edit_group_": true
}
id = 3

[node name="Sprite" type="Sprite" parent="Block3"]
texture = ExtResource( 2 )

[node name="CollisionShape2D" type="CollisionShape2D" parent="Block3"]
shape = SubResource( 1 )

[node name="Answer3" type="Area2D" parent="."]
position = Vector2( 302.378, 462.378 )
script = ExtResource( 4 )
__meta__ = {
"_edit_group_": true
}
id = 3

[node name="Sprite" type="Sprite" parent="Answer3"]
scale = Vector2( 0.149, 0.149 )
texture = ExtResource( 6 )

[node name="CollisionShape2D" type="CollisionShape2D" parent="Answer3"]
shape = SubResource( 2 )

[node name="Answer1" type="Area2D" parent="."]
position = Vector2( 512, 460 )
script = ExtResource( 4 )
__meta__ = {
"_edit_group_": true
}

[node name="Sprite" type="Sprite" parent="Answer1"]
scale = Vector2( 0.149, 0.149 )
texture = ExtResource( 3 )

[node name="CollisionShape2D" type="CollisionShape2D" parent="Answer1"]
shape = SubResource( 2 )

[node name="Answer2" type="Area2D" parent="."]
position = Vector2( 724, 460 )
script = ExtResource( 4 )
__meta__ = {
"_edit_group_": true
}
id = 2

[node name="Sprite" type="Sprite" parent="Answer2"]
scale = Vector2( 0.149, 0.149 )
texture = ExtResource( 7 )

[node name="CollisionShape2D" type="CollisionShape2D" parent="Answer2"]
shape = SubResource( 2 )
[connection signal="area_entered" from="Block1" to="Block1" method="_on_Block1_area_entered"]
[connection signal="area_exited" from="Block1" to="Block1" method="_on_Block1_area_exited"]
[connection signal="area_entered" from="Block2" to="Block2" method="_on_Block1_area_entered"]
[connection signal="area_exited" from="Block2" to="Block2" method="_on_Block1_area_exited"]
[connection signal="area_entered" from="Block3" to="Block3" method="_on_Block1_area_entered"]
[connection signal="area_exited" from="Block3" to="Block3" method="_on_Block1_area_exited"]
